@article{Joulin2015,
  author    = {Armand Joulin and
               Laurens van der Maaten and
               Allan Jabri and
               Nicolas Vasilache},
  title     = {Learning Visual Features from Large Weakly Supervised Data},
  journal   = {CoRR},
  volume    = {abs/1511.02251},
  year      = {2015},
  url       = {http://arxiv.org/abs/1511.02251},
  archivePrefix = {arXiv},
  eprint    = {1511.02251},
  timestamp = {Mon, 13 Aug 2018 16:46:05 +0200},
  biburl    = {https://dblp.org/rec/bib/journals/corr/JoulinMJV15},
  bibsource = {dblp computer science bibliography, https://dblp.org}
}

@article{Noroozi2016,
  author    = {Mehdi Noroozi and
               Paolo Favaro},
  title     = {Unsupervised Learning of Visual Representations by Solving Jigsaw
               Puzzles},
  journal   = {CoRR},
  volume    = {abs/1603.09246},
  year      = {2016},
  url       = {http://arxiv.org/abs/1603.09246},
  archivePrefix = {arXiv},
  eprint    = {1603.09246},
  timestamp = {Mon, 13 Aug 2018 16:49:09 +0200},
  biburl    = {https://dblp.org/rec/bib/journals/corr/NorooziF16},
  bibsource = {dblp computer science bibliography, https://dblp.org}
}


@article{Owens2016,
  author    = {Andrew Owens and
               Jiajun Wu and
               Josh H. McDermott and
               William T. Freeman and
               Antonio Torralba},
  title     = {Ambient Sound Provides Supervision for Visual Learning},
  journal   = {CoRR},
  volume    = {abs/1608.07017},
  year      = {2016},
  url       = {http://arxiv.org/abs/1608.07017},
  archivePrefix = {arXiv},
  eprint    = {1608.07017},
  timestamp = {Mon, 13 Aug 2018 16:48:11 +0200},
  biburl    = {https://dblp.org/rec/bib/journals/corr/Owens0MFT16},
  bibsource = {dblp computer science bibliography, https://dblp.org}
}

@article{bojanowski2017,
  title={Unsupervised learning by predicting noise},
  author={Bojanowski, Piotr and Joulin, Armand},
  journal={arXiv preprint arXiv:1704.05310},
  year={2017}
}

@inproceedings{wang2015unsupervised,
  title={Unsupervised learning of visual representations using videos},
  author={Wang, Xiaolong and Gupta, Abhinav},
  booktitle={Proceedings of the IEEE International Conference on Computer Vision},
  pages={2794--2802},
  year={2015}
}

@article{bahdanau2014neural,
  title={Neural machine translation by jointly learning to align and translate},
  author={Bahdanau, Dzmitry and Cho, Kyunghyun and Bengio, Yoshua},
  journal={arXiv preprint arXiv:1409.0473},
  year={2014}
}

@inproceedings{xu2015show,
  title={Show, attend and tell: Neural image caption generation with visual attention},
  author={Xu, Kelvin and Ba, Jimmy and Kiros, Ryan and Cho, Kyunghyun and Courville, Aaron and Salakhudinov, Ruslan and Zemel, Rich and Bengio, Yoshua},
  booktitle={International conference on machine learning},
  pages={2048--2057},
  year={2015}
}

@article{SukhbaatarSWF15,
  author    = {Sainbayar Sukhbaatar and
               Arthur Szlam and
               Jason Weston and
               Rob Fergus},
  title     = {Weakly Supervised Memory Networks},
  journal   = {CoRR},
  volume    = {abs/1503.08895},
  year      = {2015},
  url       = {http://arxiv.org/abs/1503.08895},
  archivePrefix = {arXiv},
  eprint    = {1503.08895},
  timestamp = {Mon, 13 Aug 2018 16:49:01 +0200},
  biburl    = {https://dblp.org/rec/bib/journals/corr/SukhbaatarSWF15},
  bibsource = {dblp computer science bibliography, https://dblp.org}
}

@article{graves2014neural,
  title={Neural turing machines},
  author={Graves, Alex and Wayne, Greg and Danihelka, Ivo},
  journal={arXiv preprint arXiv:1410.5401},
  year={2014}
}
@inproceedings{sukhbaatar2016,
  title={Learning multiagent communication with backpropagation},
  author={Sukhbaatar, Sainbayar and Fergus, Rob and others},
  booktitle={Advances in Neural Information Processing Systems},
  pages={2244--2252},
  year={2016}
}
@inproceedings{zaheer2017deep,
  title={Deep sets},
  author={Zaheer, Manzil and Kottur, Satwik and Ravanbakhsh, Siamak and Poczos, Barnabas and Salakhutdinov, Ruslan R and Smola, Alexander J},
  booktitle={Advances in Neural Information Processing Systems},
  pages={3391--3401},
  year={2017}
}
@article{kim2014convolutional,
  title={Convolutional neural networks for sentence classification},
  author={Kim, Yoon},
  journal={arXiv preprint arXiv:1408.5882},
  year={2014}
}

@book{boyd2004convex,
  title={Convex optimization},
  author={Boyd, Stephen and Vandenberghe, Lieven},
  year={2004},
  publisher={Cambridge university press}
}

@article{bach2012optimization,
  title={Optimization with sparsity-inducing penalties},
  author={Bach, Francis and Jenatton, Rodolphe and Mairal, Julien and Obozinski, Guillaume and others},
  journal={Foundations and Trends{\textregistered} in Machine Learning},
  volume={4},
  number={1},
  pages={1--106},
  year={2012},
  publisher={Now Publishers, Inc.}
}

@article{lee2016fully,
  title={Fully character-level neural machine translation without explicit segmentation},
  author={Lee, Jason and Cho, Kyunghyun and Hofmann, Thomas},
  journal={arXiv preprint arXiv:1610.03017},
  year={2016}
}

@article{bengio2003neural,
  title={A neural probabilistic language model},
  author={Bengio, Yoshua and Ducharme, R{\'e}jean and Vincent, Pascal and Jauvin, Christian},
  journal={Journal of machine learning research},
  volume={3},
  number={Feb},
  pages={1137--1155},
  year={2003}
}

@inproceedings{le2014distributed,
  title={Distributed representations of sentences and documents},
  author={Le, Quoc and Mikolov, Tomas},
  booktitle={International Conference on Machine Learning},
  pages={1188--1196},
  year={2014}
}


@article{kalchbrenner2016neural,
  title={Neural machine translation in linear time},
  author={Kalchbrenner, Nal and Espeholt, Lasse and Simonyan, Karen and Oord, Aaron van den and Graves, Alex and Kavukcuoglu, Koray},
  journal={arXiv preprint arXiv:1610.10099},
  year={2016}
}

@article{dauphin2016language,
  title={Language modeling with gated convolutional networks},
  author={Dauphin, Yann N and Fan, Angela and Auli, Michael and Grangier, David},
  journal={arXiv preprint arXiv:1612.08083},
  year={2016}
}

@inproceedings{mikolov2010recurrent,
  title={Recurrent neural network based language model},
  author={Mikolov, Tom{\'a}{\v{s}} and Karafi{\'a}t, Martin and Burget, Luk{\'a}{\v{s}} and {\v{C}}ernock{\`y}, Jan and Khudanpur, Sanjeev},
  booktitle={Eleventh Annual Conference of the International Speech Communication Association},
  year={2010}
}

@article{tran2016recurrent,
  title={Recurrent memory networks for language modeling},
  author={Tran, Ke and Bisazza, Arianna and Monz, Christof},
  journal={arXiv preprint arXiv:1601.01272},
  year={2016}
}

@inproceedings{mikolov2013distributed,
  title={Distributed representations of words and phrases and their compositionality},
  author={Mikolov, Tomas and Sutskever, Ilya and Chen, Kai and Corrado, Greg S and Dean, Jeff},
  booktitle={Advances in neural information processing systems},
  pages={3111--3119},
  year={2013}
}

@inproceedings{pennington2014glove,
  title={Glove: Global vectors for word representation},
  author={Pennington, Jeffrey and Socher, Richard and Manning, Christopher},
  booktitle={Proceedings of the 2014 conference on empirical methods in natural language processing (EMNLP)},
  pages={1532--1543},
  year={2014}
}

@article{castano1997machine,
  title={Machine translation using neural networks and finite-state models},
  author={Castano, M Asunci{\'o}n and Casacuberta, Francisco and Vidal, Enrique},
  journal={Theoretical and Methodological Issues in Machine Translation (TMI)},
  pages={160--167},
  year={1997},
  publisher={Citeseer}
}

@inproceedings{schwenk2006continuous,
  title={Continuous space language models for statistical machine translation},
  author={Schwenk, Holger and Dchelotte, Daniel and Gauvain, Jean-Luc},
  booktitle={Proceedings of the COLING/ACL on Main conference poster sessions},
  pages={723--730},
  year={2006},
  organization={Association for Computational Linguistics}
}

@inproceedings{jean2015montreal,
  title={Montreal neural machine translation systems for WMTâ€™15},
  author={Jean, S{\'e}bastien and Firat, Orhan and Cho, Kyunghyun and Memisevic, Roland and Bengio, Yoshua},
  booktitle={Proceedings of the Tenth Workshop on Statistical Machine Translation},
  pages={134--140},
  year={2015}
}

@article{firat2016zero,
  title={Zero-resource translation with multi-lingual neural machine translation},
  author={Firat, Orhan and Sankaran, Baskaran and Al-Onaizan, Yaser and Vural, Fatos T Yarman and Cho, Kyunghyun},
  journal={arXiv preprint arXiv:1606.04164},
  year={2016}
}

@article{firat2016multi,
  title={Multi-way, multilingual neural machine translation with a shared attention mechanism},
  author={Firat, Orhan and Cho, Kyunghyun and Bengio, Yoshua},
  journal={arXiv preprint arXiv:1601.01073},
  year={2016}
}

@article{finn2017model,
  title={Model-agnostic meta-learning for fast adaptation of deep networks},
  author={Finn, Chelsea and Abbeel, Pieter and Levine, Sergey},
  journal={arXiv preprint arXiv:1703.03400},
  year={2017}
}


@article{artetxe2017unsupervised,
  title={Unsupervised neural machine translation},
  author={Artetxe, Mikel and Labaka, Gorka and Agirre, Eneko and Cho, Kyunghyun},
  journal={arXiv preprint arXiv:1710.11041},
  year={2017}
}

@article{sennrich2017nematus,
  title={Nematus: a toolkit for neural machine translation},
  author={Sennrich, Rico and Firat, Orhan and Cho, Kyunghyun and Birch, Alexandra and Haddow, Barry and Hitschler, Julian and Junczys-Dowmunt, Marcin and L{\"a}ubli, Samuel and Barone, Antonio Valerio Miceli and Mokry, Jozef and others},
  journal={arXiv preprint arXiv:1703.04357},
  year={2017}
}

@article{Sockeye:17,
   author = {Hieber, Felix and Domhan, Tobias and Denkowski, Michael
           and Vilar, David and Sokolov, Artem and Clifton, Ann and Post, Matt},
    title = "{Sockeye: A Toolkit for Neural Machine Translation}",
  journal = {arXiv preprint arXiv:1712.05690},
archivePrefix = "arXiv",
   eprint = {1712.05690},
 primaryClass = "cs.CL",
 keywords = {Computer Science - Computation and Language,
             Computer Science - Learning,
             Statistics - Machine Learning},
     year = 2017,
    month = dec,
      url = {https://arxiv.org/abs/1712.05690}
}


@article{gehring2017convs2s,
  author          = {Gehring, Jonas, and Auli, Michael and Grangier, David and Yarats, Denis and Dauphin, Yann N},
  title           = "{Convolutional Sequence to Sequence Learning}",
  journal         = {ArXiv e-prints},
  archivePrefix   = "arXiv",
  eprinttype      = {arxiv},
  eprint          = {1705.03122},
  primaryClass    = "cs.CL",
  keywords        = {Computer Science - Computation and Language},
  year            = 2017,
  month           = May
}

@inproceedings{opennmt,
  author    = {Guillaume Klein and
               Yoon Kim and
               Yuntian Deng and
               Jean Senellart and
               Alexander M. Rush},
  title     = {Open{NMT}: Open-Source Toolkit for Neural Machine Translation},
  booktitle = {Proc. ACL},
  year      = {2017},
  url       = {https://doi.org/10.18653/v1/P17-4012},
  doi       = {10.18653/v1/P17-4012}
}

@article{gu2016learning,
  title={Learning to translate in real-time with neural machine translation},
  author={Gu, Jiatao and Neubig, Graham and Cho, Kyunghyun and Li, Victor OK},
  journal={arXiv preprint arXiv:1610.00388},
  year={2016}
}

@book{de2013global,
  title={Global marketing and advertising: Understanding cultural paradoxes},
  author={De Mooij, Marieke},
  year={2013},
  publisher={Sage Publications}
}

@article{bongers2018random,
  title={From Random Differential Equations to Structural Causal Models: the stochastic case},
  author={Bongers, Stephan and Mooij, Joris M},
  journal={arXiv preprint arXiv:1803.08784},
  year={2018}
}

@article{blom2018generalized,
  title={Generalized Strucutral Causal Models},
  author={Blom, Tineke and Mooij, Joris M},
  journal={arXiv preprint arXiv:1805.06539},
  year={2018}
}

@article{pearl2000causal,
  title={Causal inference without counterfactuals: Comment},
  author={Pearl, Judea},
  journal={Journal of the American Statistical Association},
  volume={95},
  number={450},
  pages={428--431},
  year={2000},
  publisher={JSTOR}
}

@article{fisher1935design,
  title={The design of experiments.},
  author={Fisher, Ronald Aylmer},
  year={1935},
  publisher={Oliver \& Boyd}
}

@book{peters2017elements,
  title={Elements of causal inference: foundations and learning algorithms},
  author={Peters, Jonas and Janzing, Dominik and Sch{\"o}lkopf, Bernhard},
  year={2017},
  publisher={MIT press}
}

@book{spirtes2000causation,
  title={Causation, prediction, and search},
  author={Spirtes, Peter and Glymour, Clark N and Scheines, Richard and Heckerman, David and Meek, Christopher and Cooper, Gregory and Richardson, Thomas},
  year={2000},
  publisher={MIT press}
}

@article{forre2017markov,
  title={Markov properties for graphical models with cycles and latent variables},
  author={Forr{\'e}, Patrick and Mooij, Joris M},
  journal={arXiv preprint arXiv:1710.08775},
  year={2017}
}

@article{bongers1611theoretical,
  title={Theoretical aspects of cyclic structural causal models. arXiv. org preprint},
  author={Bongers, Stephan and Peters, Jonas and Sch{\"o}lkopf, Bernhard and Mooij, Joris M},
  journal={arXiv preprint arXiv:1611.06221},
  year={2018}
}

@article{pearl2003causality,
  title={Causality: models, reasoning, and inference},
  author={Pearl, Judea},
  journal={Econometric Theory},
  volume={19},
  number={675-685},
  pages={46},
  year={2003}
}

@report{pearl1999simpson,
  title={Simpson's paradox: An anatomy},
  author={Pearl, Judea},
  year={1999},
  volume={R-264},
  publisher={UCLA Cognitive Systems Laboratory}
}

@article{dann2014policy,
  title={Policy evaluation with temporal differences: A survey and comparison},
  author={Dann, Christoph and Neumann, Gerhard and Peters, Jan},
  journal={The Journal of Machine Learning Research},
  volume={15},
  number={1},
  pages={809--883},
  year={2014},
  publisher={JMLR. org}
}
@article{schaal1998constructive,
  title={Constructive incremental learning from only local information},
  author={Schaal, Stefan and Atkeson, Christopher G},
  journal={Neural computation},
  volume={10},
  number={8},
  pages={2047--2084},
  year={1998},
  publisher={MIT Press}
}

@article{dyer1969optimization,
  title={Optimization of control systems with discontinuities and terminal constraints},
  author={Dyer, PETER and McReynolds, SR},
  journal={IEEE Transactions on automatic Control},
  volume={14},
  number={3},
  pages={223--229},
  year={1969},
  publisher={IEEE}
}

@book{sutton1998reinforcement,
  title={Reinforcement learning: An introduction},
  author={Sutton, Richard S and Barto, Andrew G and others},
  year={1998},
  publisher={MIT press}
}

@article{dann2014policy,
  title={Policy evaluation with temporal differences: A survey and comparison},
  author={Dann, Christoph and Neumann, Gerhard and Peters, Jan},
  journal={The Journal of Machine Learning Research},
  volume={15},
  number={1},
  pages={809--883},
  year={2014},
  publisher={JMLR. org}
}
@article{ernst2005tree,
  title={Tree-based batch mode reinforcement learning},
  author={Ernst, Damien and Geurts, Pierre and Wehenkel, Louis},
  journal={Journal of Machine Learning Research},
  volume={6},
  number={Apr},
  pages={503--556},
  year={2005}
}

@incollection{lange2012batch,
  title={Batch reinforcement learning},
  author={Lange, Sascha and Gabel, Thomas and Riedmiller, Martin},
  booktitle={Reinforcement learning},
  pages={45--73},
  year={2012},
  publisher={Springer}
}

@article{riedmiller2009reinforcement,
  title={Reinforcement learning for robot soccer},
  author={Riedmiller, Martin and Gabel, Thomas and Hafner, Roland and Lange, Sascha},
  journal={Autonomous Robots},
  volume={27},
  number={1},
  pages={55--73},
  year={2009},
  publisher={Springer}
}

@article{peters2008reinforcement,
  title={Reinforcement learning of motor skills with policy gradients},
  author={Peters, Jan and Schaal, Stefan},
  journal={Neural networks},
  volume={21},
  number={4},
  pages={682--697},
  year={2008},
  publisher={Elsevier}
}

@article{o1987monte,
  title={Monte Carlo is fundamentally unsound},
  author={O'Hagan, Anthony},
  journal={The Statistician},
  pages={247--249},
  year={1987},
  publisher={JSTOR}
}

@inproceedings{gunter2014sampling,
  title={Sampling for inference in probabilistic models with fast Bayesian quadrature},
  author={Gunter, Tom and Osborne, Michael A and Garnett, Roman and Hennig, Philipp and Roberts, Stephen J},
  booktitle={Advances in neural information processing systems},
  pages={2789--2797},
  year={2014}
}

@inproceedings{gonzalez2016glasses,
  title={GLASSES: Relieving the myopia of Bayesian optimisation},
  author={Gonz{\'a}lez, Javier and Osborne, Michael and Lawrence, Neil},
  booktitle={Artificial Intelligence and Statistics},
  pages={790--799},
  year={2016}
}

@article{ferguson1973bayesian,
  title={A Bayesian analysis of some nonparametric problems},
  author={Ferguson, Thomas S},
  journal={The annals of statistics},
  pages={209--230},
  year={1973},
  publisher={JSTOR}
}
